<record><leader>00000cas a22000007a 4500</leader><controlfield tag="001">38277510</controlfield><controlfield tag="008">980128d19791991vtuwr ne      0    0eng d</controlfield><datafield ind1=" " ind2=" " tag="010"><subfield code="a">sn 98060010 </subfield></datafield><datafield ind1=" " ind2=" " tag="040"><subfield code="a">NVN</subfield><subfield code="b">eng</subfield><subfield code="c">NVN</subfield><subfield code="d">OCLCQ</subfield><subfield code="d">VTU</subfield><subfield code="d">OCLCQ</subfield><subfield code="d">OCLCF</subfield><subfield code="d">OCLCO</subfield></datafield><datafield ind1=" " ind2=" " tag="019"><subfield code="a">6595951</subfield></datafield><datafield ind1="1" ind2=" " tag="029"><subfield code="a">AU@</subfield><subfield code="b">000013709350</subfield></datafield><datafield ind1=" " ind2=" " tag="037"><subfield code="b">Vermont Equities, Ltd. Rt. 100, West Dover, VT 05356</subfield></datafield><datafield ind1=" " ind2=" " tag="042"><subfield code="a">msc</subfield></datafield><datafield ind1=" " ind2=" " tag="043"><subfield code="a">n-us-vt</subfield></datafield><datafield ind1="0" ind2="4" tag="245"><subfield code="a">The Southern Vermont valley news.</subfield></datafield><datafield ind1="1" ind2="3" tag="246"><subfield code="a">Valley news</subfield></datafield><datafield ind1=" " ind2=" " tag="260"><subfield code="a">West Dover, Vt. :</subfield><subfield code="b">Vermont Equities</subfield></datafield><datafield ind1=" " ind2=" " tag="300"><subfield code="a">v. :</subfield><subfield code="b">ill. ;</subfield><subfield code="c">63 cm.</subfield></datafield><datafield ind1=" " ind2=" " tag="300"><subfield code="a">v.</subfield></datafield><datafield ind1=" " ind2=" " tag="310"><subfield code="a">Weekly</subfield></datafield><datafield ind1="0" ind2=" " tag="362"><subfield code="a">Apr. 26, 1979-Feb. 1, 1991.</subfield></datafield><datafield ind1=" " ind2="0" tag="651"><subfield code="a">Vermont</subfield><subfield code="v">Periodicals.</subfield></datafield><datafield ind1=" " ind2="4" tag="651"><subfield code="a">West Dover (Vt.)</subfield><subfield code="v">Newspapers.</subfield></datafield><datafield ind1=" " ind2="7" tag="655"><subfield code="a">Periodicals.</subfield><subfield code="2">fast</subfield><subfield code="0">(OCoLC)fst01411641</subfield></datafield><datafield ind1=" " ind2="7" tag="651"><subfield code="a">Vermont.</subfield><subfield code="2">fast</subfield><subfield code="0">(OCoLC)fst01204305</subfield></datafield><datafield ind1=" " ind2=" " tag="752"><subfield code="a">United States</subfield><subfield code="b">Vermont</subfield><subfield code="c">Windham</subfield><subfield code="d">West Dover.</subfield></datafield><datafield ind1="0" ind2="0" tag="780"><subfield code="t">Valley news (Wilmington, Vt. : 1975)</subfield><subfield code="w">(OCoLC)37440847</subfield></datafield><datafield ind1="0" ind2="0" tag="785"><subfield code="t">Deerfield Valley news</subfield><subfield code="w">(OCoLC)38900998</subfield></datafield></record>